% Use this file for citations not found in the ACL Anthology (contained in "anthology.bib").


@book{szeliski2022computer,
  title={Computer vision: algorithms and applications},
  author={Szeliski, Richard},
  year={2022},
  publisher={Springer Nature}
}